@article{Shue20081567,
	Author = {Craig A. Shue and Minaxi Gupta and Matthew P. Davy},
	Doi = {http://dx.doi.org/10.1016/j.comnet.2007.11.023},
	Issn = {1389-1286},
	Journal = {Computer Networks},
	Keywords = {Security},
	Number = {8},
	Pages = {1567 - 1582},
	Title = {Packet forwarding with source verification},
	Url = {http://www.sciencedirect.com/science/article/pii/S1389128608000492},
	Volume = {52},
	Year = {2008},
	Bdsk-Url-1 = {http://www.sciencedirect.com/science/article/pii/S1389128608000492},
	Bdsk-Url-2 = {http://dx.doi.org/10.1016/j.comnet.2007.11.023}
}

@incollection{Hu,
year={2005},
isbn={978-3-540-26223-7},
booktitle={Applied Cryptography and Network Security},
volume={3531},
series={Lecture Notes in Computer Science},
editor={Ioannidis, John and Keromytis, Angelos and Yung, Moti},
doi={10.1007/11496137_29},
title={Efficient Constructions for One-Way Hash Chains},
url={http://dx.doi.org/10.1007/11496137_29},
publisher={Springer Berlin Heidelberg},
keywords={One-way hash chains; efficient constructions; broadcast authentication},
author={Hu, Yih-Chun and Jakobsson, Markus and Perrig, Adrian},
pages={423-441}
}

@misc{rfc6238,
  author="D. M'Raihi and S. Machani and M. Pei and J. Rydell",
  title="{TOTP: Time-Based One-Time Password Algorithm}",
  series="Request for Comments",
  number="6238",
  howpublished="RFC 6238 (Informational)",
  publisher="IETF",
  organization="Internet Engineering Task Force",
  year=2011,
  month=may,
  url={"http://www.ietf.org/rfc/rfc6238.txt"},
}

@online{ns-3-routing,
	month={February},
	year={2014},
	title="Routing overview â€” ns-3 vns-3.10 documentation",
	url={https://www.nsnam.org/docs/release/3.10/manual/html/routing.html},
}

@online{xxhash,
	month={February},
	year={2014},
	title="xxHash - Extremely Fast Non Cryptographic Hash",
	url={https://code.google.com/p/xxhash/},
}


